@article{shannon, 
	author={Shannon, Claude E.}, 
	journal={The Bell System Technical Journal}, 
	title={A mathematical theory of communication}, 
	year={1948}, 
	volume={27}, 
	number={3}, 
	pages={379-423}
}

@book{Keith:1,
 author = {Keith, Clinton},
 title = {Agile Game Development with Scrum},
 year = {2010},
 pages={85-105}
 edition = {1st},
 publisher = {Addison-Wesley Professional},
} 
